@article {david1,
    AUTHOR = {Ben-Zvi, David and Brochier, Adrien and Jordan, David},
     TITLE = {Integrating quantum groups over surfaces},
   JOURNAL = {J. Topol.},
  FJOURNAL = {Journal of Topology},
    VOLUME = {11},
      YEAR = {2018},
    NUMBER = {4},
     PAGES = {873--916},
      ISSN = {1753-8416},
   MRCLASS = {14D24 (14D23 16T25 18D10 57T05)},
  MRNUMBER = {3847209},
       DOI = {10.1112/topo.12072},
       URL = {https://doi.org/10.1112/topo.12072},
}

@THESIS{CookeThesis,
      author = {Juliet Cooke},
      title = {Factorisation Homology and Skein Categories of Surfaces},
      institution = {University of Edinburgh},
      year = {2019},
      type = {{Ph.D. Thesis}}
    }

@misc{C1,
   author = {{Cooke}, Juliet},
    title = "{Kauffman Skein Algebras and Quantum {T}eichm√ºller Spaces via Factorisation Homology}",
    Eprint = "arXiv:1811.09293",
     year = 2018,
}

@misc{C2,
   author = {{Cooke}, Juliet},
    title = "{Excision of Skein Categories and Factorisation Homology}",
    Eprint = "arXiv:1910.02630",
     year = 2019,
}

@misc{JohnsonFreyd19,
   author = {{Johnson-Freyd}, Theo},
    title = "{{H}eisenberg-Picture Quantum Field Theory}",
    Eprint = "arXiv:1508.05908",
     year = 2019,
}

@misc{QueffelecWedrich18,
   author = {{Queffelec},Hoel and {Wedrich}, Paul},
    title = "{{K}hovanov homology and categorification of skein modules}",
    Eprint = "arXiv:1806.03416",
     year = 2018,
}

@misc{PostWalter,
   author = {{Post}, S and {Walter},A},
    title = "{A higher rank extension of the {A}skey-{W}ilson Algebra}",
    Eprint = "arXiv:1705.01860",
     year = 2017,
}
@article {Bullock1999,
    AUTHOR = {Bullock, Doug},
     TITLE = {A finite set of generators for the {K}auffman bracket skein
              algebra},
   JOURNAL = {Math. Z.},
  FJOURNAL = {Mathematische Zeitschrift},
    VOLUME = {231},
      YEAR = {1999},
    NUMBER = {1},
     PAGES = {91--101},
      ISSN = {0025-5874},
   MRCLASS = {57M27},
  MRNUMBER = {1696758},
MRREVIEWER = {Carlo Petronio},
       DOI = {10.1007/PL00004727},
       URL = {https://doi.org/10.1007/PL00004727},
}

@article {AyalaFrancis2015,
    AUTHOR = {Ayala, David and Francis, John},
     TITLE = {Factorization homology of topological manifolds},
   JOURNAL = {J. Topol.},
  FJOURNAL = {Journal of Topology},
    VOLUME = {8},
      YEAR = {2015},
    NUMBER = {4},
     PAGES = {1045--1084},
      ISSN = {1753-8416},
   MRCLASS = {55U40 (57N35 57R19 57R56)},
  MRNUMBER = {3431668},
MRREVIEWER = {Jason Stuart Hanson},
       DOI = {10.1112/jtopol/jtv028},
       URL = {https://doi.org/10.1112/jtopol/jtv028},
}

@article {Tambara01,
    AUTHOR = {Tambara, D.},
     TITLE = {A duality for modules over monoidal categories of
              representations of semisimple {H}opf algebras},
   JOURNAL = {J. Algebra},
  FJOURNAL = {Journal of Algebra},
    VOLUME = {241},
      YEAR = {2001},
    NUMBER = {2},
     PAGES = {515--547},
      ISSN = {0021-8693},
   MRCLASS = {16W30 (16D90 16S40 18D10)},
  MRNUMBER = {1843311},
MRREVIEWER = {Bodo Pareigis},
       DOI = {10.1006/jabr.2001.8771},
       URL = {https://doi.org/10.1006/jabr.2001.8771},
}

@article {MasbaumVogel94,
    AUTHOR = {Masbaum, G. and Vogel, P.},
     TITLE = {{$3$}-valent graphs and the {K}auffman bracket},
   JOURNAL = {Pacific J. Math.},
  FJOURNAL = {Pacific Journal of Mathematics},
    VOLUME = {164},
      YEAR = {1994},
    NUMBER = {2},
     PAGES = {361--381},
      ISSN = {0030-8730},
   MRCLASS = {57M15 (05C10 57M25)},
  MRNUMBER = {1272656},
MRREVIEWER = {Thang T. Q. Le},
       URL = {http://projecteuclid.org/euclid.pjm/1102622100},
}

@article {Lickorish93,
    AUTHOR = {Lickorish, W. B. R.},
     TITLE = {Skeins and handlebodies},
   JOURNAL = {Pacific J. Math.},
  FJOURNAL = {Pacific Journal of Mathematics},
    VOLUME = {159},
      YEAR = {1993},
    NUMBER = {2},
     PAGES = {337--349},
      ISSN = {0030-8730},
   MRCLASS = {57M25},
  MRNUMBER = {1214075},
MRREVIEWER = {Louis H. Kauffman},
       URL = {http://projecteuclid.org/euclid.pjm/1102634266},
}

@article {ArthamonovShakirov19,
    AUTHOR = {Arthamonov, S. and Shakirov, Sh.},
     TITLE = {Genus two generalization of {$A_1$} spherical {DAHA}},
   JOURNAL = {Selecta Math. (N.S.)},
  FJOURNAL = {Selecta Mathematica. New Series},
    VOLUME = {25},
      YEAR = {2019},
    NUMBER = {2},
     PAGES = {Art. 17, 29},
      ISSN = {1022-1824},
   MRCLASS = {16T20 (12H10 20C08 20G42 57M27 57M60 81R12)},
  MRNUMBER = {3916085},
MRREVIEWER = {Bruno P. Zimmermann},
       DOI = {10.1007/s00029-019-0447-1},
       URL = {https://doi.org/10.1007/s00029-019-0447-1},
}

@article {BullockPrzytycki00,
    AUTHOR = {Bullock, Doug and Przytycki, J\'{o}zef H.},
     TITLE = {Multiplicative structure of {K}auffman bracket skein module
              quantizations},
   JOURNAL = {Proc. Amer. Math. Soc.},
  FJOURNAL = {Proceedings of the American Mathematical Society},
    VOLUME = {128},
      YEAR = {2000},
    NUMBER = {3},
     PAGES = {923--931},
      ISSN = {0002-9939},
   MRCLASS = {57M25},
  MRNUMBER = {1625701},
MRREVIEWER = {Quach thi C\^{a}m V\^{a}n},
       DOI = {10.1090/S0002-9939-99-05043-1},
       URL = {https://doi.org/10.1090/S0002-9939-99-05043-1},
}

@article {DeClercqHadweijch19,
    AUTHOR = {De Clercq, Hadewijch},
     TITLE = {Higher rank relations for the {A}skey-{W}ilson and
              {$q$}-{B}annai-{I}to algebra},
   JOURNAL = {SIGMA Symmetry Integrability Geom. Methods Appl.},
  FJOURNAL = {SIGMA. Symmetry, Integrability and Geometry. Methods and
              Applications},
    VOLUME = {15},
      YEAR = {2019},
     PAGES = {099, 32 pages},
   MRCLASS = {16T05 (16T15 17B37 81R50)},
  MRNUMBER = {4043929},
       DOI = {10.3842/SIGMA.2019.099},
       URL = {https://doi.org/10.3842/SIGMA.2019.099},
}

@article {DomokosLenagan05,
    AUTHOR = {Domokos, M. and Lenagan, T. H.},
     TITLE = {Quantized trace rings},
   JOURNAL = {Q. J. Math.},
  FJOURNAL = {The Quarterly Journal of Mathematics},
    VOLUME = {56},
      YEAR = {2005},
    NUMBER = {4},
     PAGES = {507--523},
      ISSN = {0033-5606},
   MRCLASS = {16W35 (20G42)},
  MRNUMBER = {2182463},
MRREVIEWER = {Oleg V. Ogievetsky},
       DOI = {10.1093/qmathj/hah051},
       URL = {https://doi.org/10.1093/qmathj/hah051},
}